<?xml version="1.0" encoding="UTF-8"?><collection xmlns="http://www.loc.gov/MARC21/slim"><record><leader>00440nam--2200169-u-4500</leader><controlfield tag="001">000052437</controlfield><controlfield tag="002">20161230</controlfield><controlfield tag="005">20161230201050</controlfield><controlfield tag="008">100709s1000------------r-----000-0-rus-d</controlfield><datafield ind1=" " ind2=" " tag="040"><subfield code="a">IFIN-HH</subfield></datafield><datafield ind1=" " ind2=" " tag="041"><subfield code="a">rus</subfield></datafield><datafield ind1="1" ind2=" " tag="100"><subfield code="a">Sedov, L.I</subfield></datafield><datafield ind1="1" ind2="0" tag="245"><subfield code="a">Metodi podobiia i razmernosti v mehanike</subfield><subfield code="c">L.I. Sedov</subfield></datafield><datafield ind1=" " ind2=" " tag="260"><subfield code="a">Moskva</subfield><subfield code="b">Fiziko-Matematiceskoi literaturi</subfield><subfield code="c">1977</subfield></datafield><datafield ind1=" " ind2=" " tag="300"><subfield code="a">438 p</subfield></datafield><datafield ind1=" " ind2=" " tag="852"><subfield code="a">1809</subfield><subfield code="c">531.7</subfield></datafield><datafield ind1=" " ind2=" " tag="CAT"><subfield code="a">Sys</subfield><subfield code="c">20100709</subfield><subfield code="h">092203</subfield></datafield></record></collection>